<record><leader>00000cas a2200000 a 4500</leader><controlfield tag="001">27856840</controlfield><controlfield tag="008">930405d19201922caudn ne      0    0eng c</controlfield><datafield ind1=" " ind2=" " tag="010"><subfield code="a">sn 93068221 </subfield></datafield><datafield ind1=" " ind2=" " tag="040"><subfield code="a">PPM</subfield><subfield code="b">eng</subfield><subfield code="c">PPM</subfield><subfield code="d">CNK</subfield><subfield code="d">OCLCQ</subfield><subfield code="d">CNK</subfield><subfield code="d">OCLCQ</subfield><subfield code="d">OCLCF</subfield><subfield code="d">OCLCO</subfield></datafield><datafield ind1="1" ind2=" " tag="029"><subfield code="a">AU@</subfield><subfield code="b">000020728787</subfield></datafield><datafield ind1=" " ind2=" " tag="042"><subfield code="a">pcc</subfield></datafield><datafield ind1=" " ind2=" " tag="043"><subfield code="a">n-us-ca</subfield></datafield><datafield ind1="0" ind2=" " tag="130"><subfield code="a">News-leader (San Mateo, Calif.)</subfield></datafield><datafield ind1="1" ind2="0" tag="245"><subfield code="a">News-leader.</subfield></datafield><datafield ind1=" " ind2=" " tag="260"><subfield code="a">San Mateo, San Mateo County, Cal. [ie Calif.] :</subfield><subfield code="b">News-Leader Pub. Co.</subfield></datafield><datafield ind1=" " ind2=" " tag="300"><subfield code="a">v.</subfield></datafield><datafield ind1=" " ind2=" " tag="310"><subfield code="a">Daily (except Sun. and holidays)</subfield></datafield><datafield ind1="0" ind2=" " tag="362"><subfield code="a">Vol. 7, no. 76 (Apr. 1, 1920)-v. 9, no. 203 (Aug. 31, 1922).</subfield></datafield><datafield ind1=" " ind2=" " tag="530"><subfield code="a">Master negatives are available for duplication from:</subfield><subfield code="b">California Newspaper Microfilm Archive;</subfield><subfield code="c">positive copies may be purchased by the reel; for further information consult the CNMA at:</subfield><subfield code="u">http://cbsr.ucr.edu</subfield></datafield><datafield ind1=" " ind2="0" tag="651"><subfield code="a">San Mateo (Calif.)</subfield><subfield code="v">Newspapers.</subfield></datafield><datafield ind1=" " ind2="7" tag="655"><subfield code="a">Newspapers.</subfield><subfield code="2">fast</subfield><subfield code="0">(OCoLC)fst01423814</subfield></datafield><datafield ind1=" " ind2="7" tag="651"><subfield code="a">California</subfield><subfield code="z">San Mateo.</subfield><subfield code="2">fast</subfield><subfield code="0">(OCoLC)fst01214306</subfield></datafield><datafield ind1=" " ind2=" " tag="752"><subfield code="a">United States</subfield><subfield code="b">California</subfield><subfield code="c">San Mateo</subfield><subfield code="d">San Mateo.</subfield></datafield><datafield ind1="0" ind2="0" tag="780"><subfield code="t">News-leader, the San Mateo County news</subfield><subfield code="w">(DLC)sn 95062168</subfield></datafield><datafield ind1="0" ind2="0" tag="785"><subfield code="t">Daily news leader (San Mateo, Calif.)</subfield><subfield code="w">(DLC)sn 95062169</subfield></datafield></record>